@article{n-31,
  author    = {M. Carmen Hernando and
               Merc{\`e} Mora and
               Ignacio M. Pelayo and
               Carlos Seara and
               David R. Wood},
  title     = {Extremal Graph Theory for Metric Dimension and Diameter},
  journal   = {Electr. J. Comb.},
  volume    = {17},
  number    = {1},
  year      = {2010},
  ee        = {http://www.combinatorics.org/Volume_17/Abstracts/v17i1r30.html},
  bibsource = {DBLP, http://dblp.uni-trier.de}
}

@article{turing,
  added-at = {2011-12-15T17:25:32.000+0100},
  author = {Turing, Alan M.},
  biburl = {http://www.bibsonomy.org/bibtex/297ba9ab572e2017ce1dd25da3af837af/djain},
  interhash = {8ac1f5e961ff74849ab6f0c7348b9c9c},
  intrahash = {97ba9ab572e2017ce1dd25da3af837af},
  journal = {Proceedings of the London Mathematical Society},
  keywords = {logic},
  pages = {230--265},
  series = 2,
  timestamp = {2011-12-15T17:25:32.000+0100},
  title = {On Computable Numbers, with an application to the
Entscheidungsproblem},
  volume = 42,
  year = {1936}
}

@article{bases,
year={2003},
issn={0031-5303},
journal={Periodica Mathematica Hungarica},
volume={46},
issue={1},
doi={10.1023/A:1025745406160},
title={On k-dimensional graphs and their bases},
url={http://dx.doi.org/10.1023/A%3A1025745406160},
publisher={Kluwer Academic Publishers},
keywords={resolving set; dimension; basis},
author={Buczkowski, Peter S. and Chartrand, Gary and Poisson, Christopher and Zhang, Ping},
pages={9-15},
language={English}
}
@INPROCEEDINGS{n-32,
AUTHOR = "Suhadi Wido Saputro and Rinovia Simanjuntak and Saladin Uttunggadewa and Hilda Assiyatun and Edy Tri Baskoro and A. N. M. Salman",
TITLE = "On graph of order-n with the metric dimension n-3",
BOOKTITLE = "CTW'11",
PAGES = {239-243},
YEAR = {2011}, 
}
@inproceedings{drug,
	AUTHOR = {Mark Johnson},
	TITLE = {Structure-activity maps for visualizing the graph variables arising in drug design.},
	JOURNAL = {J Biopharm Stat},
VOLUME = {3},
YEAR = {1993},
NUMBER = {2},
PAGES = {203-36},
URL = {http://www.biomedsearch.com/nih/Structure-activity-maps-visualizing-graph/8220404.html},
PubMedID = {8220404},
ISSN = {1054-3406}
}
@article{harary,
  author    = {Frank Harary and
               Robert A. Melter},
  title     = {On the metric dimension of a graph},
  journal   = {Ars. Combin.},
  number    = {2},
  year      = {1976},
  pages     = {191-195}
}
@article{slater,
 author = {Slater, Peter J.},
 title = {Leaves of Trees},
 journal = {Congress. Numer},
 volume = {14},
 year = {1975},
 pages = {549--559}
} 
@article{bipartitnp,
author = "Paul D. Manuel and Mostafa I. Abd-El-Barr and Indra Rajasingh and Bharati Rajan",
title = "An efficient representation of Benes networks and its applications",
journal = "Journal of Discrete Algorithms",
volume = "6",
number = "1",
pages = "11 - 19",
year = {2008}
}

@book{book,
 author = {Garey, Michael R. and Johnson, David S.},
 title = {Computers and Intractability: A Guide to the Theory of NP-Completeness},
 year = {1979},
 isbn = {0716710447},
 publisher = {W. H. Freeman \& Co.},
 address = {New York, NY, USA}
} 

@inproceedings{Res,
  author    = {Gary Chartrand and
               Linda Eroh and
               Mark A. Johnson and
               Ortrud Oellermann},
  title     = {Resolvability in graphs and the metric dimension of a graph},
  journal   = {Discrete Applied Mathematics},
  volume    = {105},
  number    = {1-3},
  year      = {2000},
  pages     = {99-113}
}
@inproceedings{onthecomp,
  author = {Díaz, Josep and Pottonen, Olli and Serna, Maria J. and van Leeuwen, Erik Jan},
  booktitle = {ESA},
  crossref = {conf/esa/2012},
  pages = {419-430},
  publisher = {Springer},
  series = {Lecture Notes in Computer Science},
  title = {On the Complexity of Metric Dimension},
  volume = 7501,
  year = 2012
}

@inproceedings{Schoning,
    author = {Sch\"{o}ning, Uwe},
    publisher = {Spektrum Akademischer Verlag},
    title = {{Algorithmik}},
    year = {2001}
}
@inproceedings{Diestel,
  added-at = {2007-10-23T13:35:30.000+0200},
  author = {Diestel, Reinhard},
  biburl = {http://www.bibsonomy.org/bibtex/287b535c61916fe6708a19194c108ff7a/tkirsten},
  interhash = {53f75c75df1c25898923e50fde8fbdaa},
  intrahash = {87b535c61916fe6708a19194c108ff7a},
  keywords = {imported},
  owner = {tkirsten},
  publisher = {Springer Verlag},
  timestamp = {2007-10-23T13:35:30.000+0200},
  title = {{Graphentheorie}},
  year = 2006
}

@inproceedings{n-3,
  author    = {Suhadi Wido Saputro and
               Rinovia Simanjuntak and
               Saladin Uttunggadewa and
               Hilda Assiyatun and
               Edy Tri Baskoro and
               A. N. M. Salman},
  title     = {On graph of order-n with the metric dimension n-3},
  booktitle = {CTW},
  year      = {2011},
  pages     = {239-243}
}

@inproceedings{OnDet,
  author    = {Jos{e} C{a}ceres and
               Delia Garijo and
               Mar{i}a Luz Puertas and
               Carlos Seara},
  title     = {On the Determining Number and the Metric Dimension of Graphs},
  journal   = {Electr. J. Comb.},
  volume    = {17},
  number    = {1},
  year      = {2010}
}

@inproceedings{Bounds,
  author    = {Glenn G. Chappell and
               John G. Gimbel and
               Chris Hartman},
  title     = {Bounds on the metric and partition dimensions of a graph},
  journal   = {Ars Comb.},
  volume    = {88},
  year      = {2008}
  }
  
@inproceedings{Discrep,
  author    = {Ioan Tomescu},
  title     = {Discrepancies between metric dimension and partition dimension
               of a connected graph},
  journal   = {Discrete Mathematics},
  volume    = {308},
  number    = {22},
  year      = {2008},
  pages     = {5026-5031}
  }

@inproceedings{Cartesian,
  author    = {Jos{\'e} C{\'a}ceres and
               M. Carmen Hernando and
               Merc{\`e} Mora and
               Ignacio M. Pelayo and
               Mar\'{\i}a Luz Puertas and
               Carlos Seara and
               David R. Wood},
  title     = {On the Metric Dimension of Cartesian Products of Graphs},
  journal   = {SIAM J. Discrete Math.},
  volume    = {21},
  number    = {2},
  year      = {2007},
  pages     = {423-441}
}

@inproceedings{upper,
	author	=	{Gary Chartrand and Christopher Poisson and Ping Zhang},
	title	=	{Resolvability and the upper dimension of graphs},
	journal	=	{Comput. Math. Appl.},
	volume	=	{39},
	number	=	{12},
	year	=	{2000},
	pages	=	{19-28}
}
@article{aussenplanar,
  author    = {Josep D\'{\i}az and
               Olli Pottonen and
               Erik Jan van Leeuwen},
  title     = {Planar Metric Dimension is NP-complete},
  journal   = {CoRR},
  volume    = {abs/1107.2256},
  year      = {2011},
  ee        = {http://arxiv.org/abs/1107.2256},
  bibsource = {DBLP, http://dblp.uni-trier.de}
}

@inproceedings{landmarks,
  author    = {Samir Khuller and
               Balaji Raghavachari and
               Azriel Rosenfeld},
  title     = {Landmarks in Graphs},
  journal   = {Discrete Applied Mathematics},
  volume    = {70},
  number    = {3},
  year      = {1996},
  pages     = {217-229}
}
@inproceedings{Erdos,
    author = {Paul Erdős and Alfréd Rényi and Vera T. Sós},
    title = {On a problem of graph theory},
    journal = {Studia Scientiarum Mathematicarum Hungarica},
    volume = {I},
    year = {1966},
    pages = {215-235}
}
%%%%%%%%%%%%%%%%%%%%%%%%%%%%%%%%%%%%%%%%%%%%%%%%%%%%%%%%%%%%%%%%!!!!!!!!!!!!!!!!!
\begin{comment}
@inproceedings{1,
  author    = {Carmen Hernando and Merc` Mora and Ignacio M. Pelayo and Carlos Seara 
  and Jos ́ C ́ceres and Mari L. Puertas},
  title     = {On the metric dimension of some families of graphs},
  journal   = { },
  volume    = { },
  number    = { },
  year      = { },
  pages     = { }
}

@inproceedings{2,
  author    = {Futaba Okamoto and La Crosse and Bryan Phinezy and Ping Zhang and Kalamazoo},
  title     = {The local metric dimension of a graph},
  journal   = {Mathematica Bohemica},
  volume    = {No. 3},
  number    = {135},
  year      = {2010},
  pages     = {239–255}
}

@inproceedings{3,
  author    = {J. Cáceres and C. Hernando and M. Mora and I.M. Pelayo and M.L. Puertas},
  title     = {On the metric dimension of infinite graphs},
  journal   = {Discrete Applied Mathematics?},
  volume    = { },
  number    = { },
  year      = {2012},
  pages     = { }
}

@inproceedings{4,
  author    = {Mathias Hauptmann and Richard Schmied and Claus Viehmann},
  title     = {Approximation complexity of Metric Dimension problem},
  journal   = {Journal of Discrete Algorithms},
  volume    = {14},
  year      = {2012},
  pages     = {214–222}
}


@inproceedings{5,
  author    = {Sudhakara G and Hemanth Kumar A.R},
  title     = {Graphs with Metric Dimension Two - A Characterization},
  journal   = {World Academy of Science, Engineering and Technology},
  volume    = {60},
  year      = {2009},
  pages     = {621–626}
}

@inproceedings{6,
  author    = {Linda Eroh and Cong X. Kang and Eunjeong Yi},
  title     = {On Metric Dimension of Functigraphs},
  journal   = { },
  volume    = { },
  year      = {2012},
  pages     = { }
}
@inproceedings{7,
  author    = {Imran Javaid and Sara Shokat},
  title     = {On the partition dimension of some wheel related graphs},
  journal   = {Journal of Prime Research in Mathematics},
  volume    = {4},
  year      = {2008},
  pages     = {154-164}
}

@inproceedings{8,
  author    = {András Sebő and Eric Tannier},
  title     = {On Metric Generators of Graphs},
  journal   = {Mathematics of Operations Research},
  volume    = {29},
  number    = {No. 4},
  year      = {2004},
  pages     = {383-393}
}

@inproceedings{9,
  author    = {Varaporn Saenpholphat and Ping Zhang},
  title     = {Connected resolvability of graphs},
  journal   = {Czechoslovak Mathematical Journal},
  volume    = {53},
  number    = {No. 4},
  year      = {2003},
  pages     = {827-840}
}
@inproceedings{10,
  author    = {Robert F. Bailey and Peter J. Cameron},
  title     = {Base size, metric dimension and other invariants of groups and graphs},
  journal   = {Submitted exclusively to the London Mathematical Society},
  volume    = { },
  number    = { },
  year      = { },
  pages     = { }
}
@inproceedings{11,
  author    = {Mohsen Jannesari and Behnaz Omoomi},
  title     = {The Metric Dimension of the Composition Product of Graphs},
  journal   = { },
  volume    = { },
  number    = { },
  year      = { },
  pages     = { }
}
@inproceedings{12,
  author    = {Ioan Tomescu and Muhammad Imran},
  title     = {Metric Dimension and R-Sets of Connected Graphs},
  journal   = {Graphs and Combinatorics},
  volume    = {27},
  number    = { },
  year      = {2011},
  pages     = {585-591}
}
@inproceedings{13,
  author    = {Muhammad Imran and A.Q. Baig and Syed Ahtsham Ul Haq Bokhary and Imran Javaid},
  title     = {On the metric dimension of circulant graphs},
  journal   = {Applied Mathematics Letters},
  volume    = {25},
  number    = {3},
  year      = {2012},
  pages     = {320–325}
}

@inproceedings{14,
  author    = {Mohsen Jannesari and Behnaz Omoomi},
  title     = {The Metric Dimension of Lexicographic Product of Graphs},
  journal   = { },
  volume    = { },
  number    = { },
  year      = { },
  pages     = { }
}
@inproceedings{15,
  author    = {Mohsen Jannesari and Behnaz Omoomi},
  title     = {Characterization of n-Vertex Graphs with Metric Dimension n − 3},
  journal   = { },
  volume    = { },
  number    = { },
  year      = { },
  pages     = { }
}
@inproceedings{16,
  author    = {Imrana Kousar and Ioan Tomescu and Syed Muhammad Husnine},
  title     = {Graphs with same Diameter and Metric Dimension},
  journal   = {Journal of Prime Research in Mathematics},
  volume    = {6},
  number    = { },
  year      = {2010},
  pages     = {22-31}
}
@inproceedings{17,
  author    = {Min Feng and Min Xu and Kaishun Wang},
  title     = {On the metric dimension of line graphs},
  journal   = { },
  volume    = { },
  number    = { },
  year      = { },
  pages     = { }
}
@inproceedings{18,
  author    = {Varaporn Saenpholphat and Ping Zhang},
  title     = {Conditional Resolvability in Graphs: A Survey},
  journal   = { },
  volume    = { },
  number    = { },
  year      = { },
  pages     = { }
}
@inproceedings{19,
  author    = {S.W. Saputro and E.T. Baskoro and A.N.M. Salman and D. Suprijanto and M. Baca},
  title     = {The Metric Dimension of Regular Bipartite Graphs},
  journal   = { },
  volume    = { },
  number    = { },
  year      = { },
  pages     = { }
}
\end{comment}
@article{amal,
author="Iswadi, H. and Baskoro, E.T. and Salmon, A.N.M. and Simanjuntak, R.",
title="{The resolving graph of amalgamation of cycles.}",
language="English",
journal="Util. Math. ",
volume="83",
pages="121-132",
year={2010}
}

@article{sun,
author="Iswadi, H. and Baskoro, E.T. and Simanjuntak, R. and Salman, A.N.M.",
title="{The metric dimension of graph with pendant edges.}",
language="English",
journal="J. Comb. Math. Comb. Comput. ",
volume="65",
pages="139-145",
year={2008}
}

